@inproceedings{Scherer:2010,
	author = {Scherer, Dominik and M\"{u}ller, Andreas and Behnke, Sven},
	title = {Evaluation of Pooling Operations in Convolutional Architectures for Object Recognition},
	booktitle = {Proceedings of the 20th International Conference on Artificial Neural Networks: Part III},
	series = {ICANN'10},
	year = {2010},
	location = {Thessaloniki, Greece},
	pages = {92--101},
	numpages = {10},
	url = {http://dl.acm.org/citation.cfm?id=1886436.1886447},
	acmid = {1886447},
	publisher = {Springer-Verlag},
	address = {Berlin, Heidelberg},
} 

@ARTICLE{knuth:1974,
  author = {Knuth, Donald E.},
  title = {{C}omputer {P}rogramming as an {A}rt},
  journal = {Communications of the ACM},
  year = {1974},
  volume = {17},
  pages = {667--673},
  number = {12},
  address = {New York, NY, USA},
  publisher = {ACM Press}
}

@book{Goodfellow-et-al-2016,
	title={Deep Learning},
	author={Ian Goodfellow and Yoshua Bengio and Aaron Courville},
	publisher={MIT Press},
	note={\url{http://www.deeplearningbook.org}},
	year={2016}
}

@article{DBLP:journals/corr/Graham14a,
	author    = {Benjamin Graham},
	title     = {Fractional Max-Pooling},
	journal   = {CoRR},
	volume    = {abs/1412.6071},
	year      = {2014},
	url       = {http://arxiv.org/abs/1412.6071},
	timestamp = {Thu, 01 Jan 2015 19:51:08 +0100},
	biburl    = {http://dblp.uni-trier.de/rec/bib/journals/corr/Graham14a},
	bibsource = {dblp computer science bibliography, http://dblp.org}
}

@article{DBLP:journals/corr/SpringenbergDBR14,
	author    = {Jost Tobias Springenberg and
	Alexey Dosovitskiy and
	Thomas Brox and
	Martin A. Riedmiller},
	title     = {Striving for Simplicity: The All Convolutional Net},
	journal   = {CoRR},
	volume    = {abs/1412.6806},
	year      = {2014},
	url       = {http://arxiv.org/abs/1412.6806},
	timestamp = {Wed, 01 Apr 2015 20:06:15 +0200},
	biburl    = {http://dblp.uni-trier.de/rec/bib/journals/corr/SpringenbergDBR14},
	bibsource = {dblp computer science bibliography, http://dblp.org}
}

@inproceedings{icml2010_NairH10, 
	Publisher = {Omnipress}, 
	Title = {Rectified Linear Units Improve Restricted Boltzmann Machines}, 
	Url = {http://www.icml2010.org/papers/432.pdf}, 
	Booktitle = {Proceedings of the 27th International Conference on Machine Learning (ICML-10)}, 
	Author = {Vinod Nair and Geoffrey E. Hinton}, 
	Editor = {Johannes FÃ¼rnkranz and Thorsten Joachims}, 
	Year = {2010}, 
	Pages = {807-814} 
}

@article{Srivastava:2014:DSW:2627435.2670313,
	author = {Srivastava, Nitish and Hinton, Geoffrey and Krizhevsky, Alex and Sutskever, Ilya and Salakhutdinov, Ruslan},
	title = {Dropout: A Simple Way to Prevent Neural Networks from Overfitting},
	journal = {J. Mach. Learn. Res.},
	issue_date = {January 2014},
	volume = {15},
	number = {1},
	month = jan,
	year = {2014},
	issn = {1532-4435},
	pages = {1929--1958},
	numpages = {30},
	url = {http://dl.acm.org/citation.cfm?id=2627435.2670313},
	acmid = {2670313},
	publisher = {JMLR.org},
	keywords = {deep learning, model combination, neural networks, regularization},
}

@article { lecun-98,
	original =    "orig/lecun-98.ps.gz",
	author = 	"LeCun, Y. and Bottou, L. and Bengio, Y. and Haffner, P.",
	title = 	"Gradient-Based Learning Applied to Document Recognition",
	journal =	"Proceedings of the IEEE",
	month =         "November",
	volume =        "86",
	number =        "11",
	pages =         "2278-2324",
	year =		1998
}

@inproceedings{krizhevsky2012imagenet,
	title={Imagenet classification with deep convolutional neural networks},
	author={Krizhevsky, Alex and Sutskever, Ilya and Hinton, Geoffrey E},
	booktitle={Advances in neural information processing systems},
	pages={1097--1105},
	year={2012}
}

@article{DBLP:journals/corr/SzegedyLJSRAEVR14,
	author    = {Christian Szegedy and
	Wei Liu and
	Yangqing Jia and
	Pierre Sermanet and
	Scott E. Reed and
	Dragomir Anguelov and
	Dumitru Erhan and
	Vincent Vanhoucke and
	Andrew Rabinovich},
	title     = {Going Deeper with Convolutions},
	journal   = {CoRR},
	volume    = {abs/1409.4842},
	year      = {2014},
	url       = {http://arxiv.org/abs/1409.4842},
	timestamp = {Tue, 31 May 2016 18:15:20 +0200},
	biburl    = {http://dblp.uni-trier.de/rec/bib/journals/corr/SzegedyLJSRAEVR14},
	bibsource = {dblp computer science bibliography, http://dblp.org}
}

@INPROCEEDINGS{6248110, 
	author={D. Ciregan and U. Meier and J. Schmidhuber}, 
	booktitle={2012 IEEE Conference on Computer Vision and Pattern Recognition}, 
	title={Multi-column deep neural networks for image classification}, 
	year={2012}, 
	pages={3642-3649}, 
	keywords={graphics processing units;handwritten character recognition;image classification;image recognition;learning (artificial intelligence);neural nets;MNIST handwriting benchmark;artificial neural network architectures;computer vision;convolutional winner-take-all neurons;fast training;graphics cards;handwritten digits recognition;human performance;image classification;machine learning;multicolumn deep neural networks;retina;sparsely connected neural layers;traffic sign recognition benchmark;traffic signs;visual cortex;Benchmark testing;Computer architecture;Error analysis;Graphics processing unit;Neurons;Training}, 
	doi={10.1109/CVPR.2012.6248110}, 
	ISSN={1063-6919}, 
	month={June},}

@ARTICLE{554195, 
	author={S. Lawrence and C. L. Giles and Ah Chung Tsoi and A. D. Back}, 
	journal={IEEE Transactions on Neural Networks}, 
	title={Face recognition: a convolutional neural-network approach}, 
	year={1997}, 
	volume={8}, 
	number={1}, 
	pages={98-113}, 
	keywords={computational complexity;convolution;face recognition;feature extraction;image matching;quantisation (signal);self-organising feature maps;topology;computational complexity;convolutional neural-network;dimensionality reduction;face recognition;feature extraction;invariance;local image sampling;quantization;self-organizing map;template matching;topological space;Face recognition;Feature extraction;Humans;Image databases;Image sampling;Karhunen-Loeve transforms;Multilayer perceptrons;Neural networks;Quantization;Spatial databases}, 
	doi={10.1109/72.554195}, 
	ISSN={1045-9227}, 
	month={Jan},}

@article{DBLP:journals/corr/FarfadeSL15,
	author    = {Sachin Sudhakar Farfade and
	Mohammad J. Saberian and
	Li{-}Jia Li},
	title     = {Multi-view Face Detection Using Deep Convolutional Neural Networks},
	journal   = {CoRR},
	volume    = {abs/1502.02766},
	year      = {2015},
	url       = {http://arxiv.org/abs/1502.02766},
	timestamp = {Wed, 29 Jul 2015 17:54:06 +0200},
	biburl    = {http://dblp.uni-trier.de/rec/bib/journals/corr/FarfadeSL15},
	bibsource = {dblp computer science bibliography, http://dblp.org}
}

@ARTICLE{6165309, 
	author={S. Ji and W. Xu and M. Yang and K. Yu}, 
	journal={IEEE Transactions on Pattern Analysis and Machine Intelligence}, 
	title={3D Convolutional Neural Networks for Human Action Recognition}, 
	year={2013}, 
	volume={35}, 
	number={1}, 
	pages={221-231}, 
	keywords={feature extraction;gesture recognition;image classification;image motion analysis;image representation;neural nets;spatiotemporal phenomena;video surveillance;3D CNN model;3D convolutional neural networks;airport surveillance videos;automated human action recognition;baseline methods;complex handcrafted features;deep model;feature representation;high-level features;motion information encoding;spatial dimensions;temporal dimensions;Computational modeling;Computer architecture;Feature extraction;Kernel;Solid modeling;Three dimensional displays;Videos;3D convolution;Deep learning;action recognition;convolutional neural networks;model combination;Algorithms;Decision Support Techniques;Image Interpretation, Computer-Assisted;Imaging, Three-Dimensional;Movement;Neural Networks (Computer);Pattern Recognition, Automated;Subtraction Technique}, 
	doi={10.1109/TPAMI.2012.59}, 
	ISSN={0162-8828}, 
	month={Jan},}

@article{DBLP:journals/corr/WallachDH15,
	author    = {Izhar Wallach and
	Michael Dzamba and
	Abraham Heifets},
	title     = {AtomNet: {A} Deep Convolutional Neural Network for Bioactivity Prediction
	in Structure-based Drug Discovery},
	journal   = {CoRR},
	volume    = {abs/1510.02855},
	year      = {2015},
	url       = {http://arxiv.org/abs/1510.02855},
	timestamp = {Sun, 01 Nov 2015 17:30:45 +0100},
	biburl    = {http://dblp.uni-trier.de/rec/bib/journals/corr/WallachDH15},
	bibsource = {dblp computer science bibliography, http://dblp.org}
}

@article{DBLP:journals/corr/ClarkS14,
	author    = {Christopher Clark and
	Amos J. Storkey},
	title     = {Teaching Deep Convolutional Neural Networks to Play Go},
	journal   = {CoRR},
	volume    = {abs/1412.3409},
	year      = {2014},
	url       = {http://arxiv.org/abs/1412.3409},
	timestamp = {Thu, 01 Jan 2015 19:51:08 +0100},
	biburl    = {http://dblp.uni-trier.de/rec/bib/journals/corr/ClarkS14},
	bibsource = {dblp computer science bibliography, http://dblp.org}
}